3009 4200
529 291 534 306 ,
607 233 881 328 Praefatio
1030 229 1034 240 '
1219 227 1223 246 ²

306 379 453 470 ¹nittretn
468 381 631 490 textam,
656 391 788 498 selectis
804 395 895 474 notis
909 415 1096 494 ornatum,
1119 394 1194 500 diu,
1227 441 1239 484 t

235 539 237 546 ·
317 493 378 574 sed
401 493 529 571 frustra
549 494 759 598 exspectavi.
810 495 936 598 Qtarn
958 496 986 572 fi
1010 499 1092 595 quis
1117 523 1239 588 erat-1

317 599 595 698 ευτεῑιιτιιε,,ηἰ1
619 597 682 674 nisi
706 601 893 701 improbus
913 601 1012 708 latter
1033 602 1196 697 require·
1231 611 1239 686 ’ς

296 699 423 796 ·batur
444 721 480 788 et
502 693 664 782 indefessa
687 697 885 802 diligentia,
915 723 1007 805 quae
1029 699 1196 802 inperle·
1235 741 1239 750 ·

306 791 443 904 ·''gendis
460 795 751 904 conferenditque
764 806 856 878 inter
869 798 904 882 se
916 803 1060 904 optimis
1073 802 1196 879 editio-

318 903 423 978 nibus
436 921 548 1010 aequc
572 927 613 978 ac
631 906 667 985 in
679 902 852 1006 eligendis
865 905 1084 1012 optimarum
1100 927 1198 982 com-

222 1073 226 1080 .
321 1021 560 1082 rnentatorum
576 1006 665 1082 notis
679 1003 884 1086 versaretur.
913 1003 1075 1092 Textum
1089 1007 1195 1106 enim,

232 1117 235 1124 '
321 1123 494 1204 qnantum
518 1107 631 1182 avito
653 1100 780 1204 docto,
819 1107 992 1190 librorum
1014 1095 1194 1208 praefidit

320 1203 459 1290 adiuro,
484 1225 519 1283 et
541 1207 742 1285 criticarurn
762 1229 885 1284 rerum
902 1205 1022 1308 petito
1039 1205 1117 1285 fieri
1134 1233 1195 1309 pn

320 1311 406 1406 tuit,
438 1305 584 1392 restitnit
608 1309 761 1407 Ernesti,
797 1309 855 1390 cni
878 1307 1023 1393 selectae
1043 1312 1197 1412 optimo·

320 1433 405 1490 turn
445 1411 680 1511 interpretum
720 1431 822 1486 notae
863 1407 984 1496 subiici.
1015 1433 1197 1510 poterant.

320 1508 446 1630 Qetn
470 1510 625 1593 laborem
647 1513 759 1593 mein
782 1515 932 1613 gratiam
951 1511 1121 1590 studiosae
1142 1515 1198 1588 iu·

319 1612 476 1710 venturis
501 1609 699 1714 suscepiffe,
739 1612 914 1697 schedula.
931 1635 1009 1690 mea
1036 1634 1119 1689 ante
1137 1611 1199 1690 sex

320 1705 457 1802 menses
470 1716 698 1818 promulgata
714 1715 887 1800 indicavit.
936 1713 1085 1798 Sedulus
1098 1739 1197 1792 eram

320 1817 357 1903 in
374 1833 485 1915 opere·
499 1815 734 1917 perficiendo,
758 1839 795 1893 et
812 1838 984 1916 quantum
1000 1818 1124 1893 ceteris
1151 1816 1197 1892 ad

301 1916 521 2017 -voluptatea
541 1937 592 2002 et
621 1914 667 2001 ad
697 1916 805 2024 ipsam
830 1919 992 2020 requiem
1027 1919 1134 1994 animi
1161 1939 1198 1993 et

321 2019 482 2121 corporis
502 2019 706 2095 conceditur
720 2039 926 2123 temporum
950 2041 1124 2121 quantum
1142 2019 1198 2091 alii

320 2120 482 2200 tribuunt
507 2120 720 2226 tempestivis
738 2126 928 2221 conviviis;
953 2143 1093 2200 tantum
1111 2121 1200 2195 mihi

222 2228 223 2240 ’
253 2271 258 2286 ‚
319 2243 463 2325 egomet
478 2220 523 2299 ad
538 2222 677 2302 selectas
693 2226 877 2324 Ciceronis
892 2220 1200 2302 orationes‘recen·

319 2321 443 2413 sendra
467 2322 664 2413 sumebam.

395 2522 497 2609 I-Iaec
514 2524 629 2628 prima
645 2547 728 2627 pars
743 2546 826 2599 eum
851 2510 933 2596 eiiet
949 2522 1017 2595 iam
1032 2516 1201 2620 absoluta,

320 2631 530 2730 primaeque
545 2630 707 2730 plagulae
726 2623 791 2704 sub
813 2623 915 2723 prelo
932 2621 1113 2728 sudarent,
1135 2620 1200 2699 sub

320 2733 407 2811 novi
423 2732 526 2812 hnins
542 2730 622 2804 anni
638 2721 796 2827 auspiciis
818 2722 965 2811 demum
988 2724 1138 2822 litterae,
1161 2724 1202 2798 in

321 2829 459 2909 officina
475 2830 610 2906 libraria
626 2826 953 2931 Orphnnotrophei
971 2822 1130 2928 scriptae,
1154 2824 1201 2911 ad

321 2957 381 3013 nae
403 2934 553 3034 perlatae
572 2931 668 3011 suntt
708 2932 746 3012 in
775 2927 904 3025 quibus
929 2924 995 3011 ,filit
1018 2926 1202 3028 scripturn,

322 3035 410 3115 mihi
434 3028 598 3123 nntr'eise
621 3034 772 3125 licitum,
799 3029 911 3119 edere¹
923 3030 1103 3109 Ciceronis
1126 3052 1201 3103 nra·

323 3138 437 3211 cinnes
459 3152 505 3209 ex
530 3133 729 3216 recensione
752 3130 907 3228 Ernesti,
932 3154 1012 3213 tum
1030 3132 1079 3208 ob
1094 3129 1204 3205 maxi·

323 3262 401 3317 rnna
420 3234 554 3319 sun-itus
579 3234 612 3310 in
634 3233 732 3319 hunc
747 3232 879 3310 librum
899 3230 1027 3330 factos,
1059 3253 1138 3308 tum
1154 3231 1203 3304 ob

277 3422 279 3427 ,
323 3336 526 3439 privilegia,
553 3334 682 3433 quibus
705 3332 788 3411 effer
804 3356 965 3433 cautum,
989 3358 1035 3411 ne
1052 3335 1130 3430 quis
1144 3330 1205 3407 Ci-

322 3444 460 3516 ceronis
482 3464 591 3541 opne,
616 3434 752 3514 Ernesti
778 3438 1033 3531 eumedium,
1057 3433 1206 3511 recude-

321 3564 380 3642 re,
422 3541 480 3620 vel
510 3541 581 3621 aliis
594 3584 597 3591 ·
610 3534 856 3623 recudendum
884 3537 976 3616 dare·
1002 3555 1215 3713 conffiw

466 3676 471 3687 .
835 3662 839 3669 “
1143 3656 1205 3709 nu.
