3009 4200
388 221 447 344 'pi
557 273 561 284 ·
697 221 927 350 ornrro
1035 313 1039 320 .

382 422 691 502 uucRuwssuM.
708 432 762 510 3)·
795 431 969 507 Decerne,
998 433 1106 498 niodo
1131 441 1251 503 reete't

384 555 507 604 omnes
548 534 812 625 approbabuntq.
846 529 955 600 Hoc·
975 533 1250 604 wuch-ssuu.

385 638 582 703 Laudabunt
598 654 732 709 ornnes,
759 631 894 700 firecte
911 645 948 698 et
962 636 1081 700 ordine
1097 639 1137 714 4)
1166 639 1271 704 iudi-1

323 741 481 826 23pcaric.
533 738 622 802 Dum
635 727 779 802 ‚neceffe
801 748 892 812 erat,
913 757 1044 822 resque
1059 737 1127 822 ipsa
1145 759 1250 825 coge.

382 843 455 917 bet,
492 859 588 906 vnus.
607 839 720 920 omniu
745 845 897 924 poterat:
938 841 997 924 qui
1024 838 1250 926 posteaquam

382 943 589 1027 magistratus
619 938 769 1014 creauit,
790 941 825 1017 5)
861 939 1029 1025 legesque
1053 940 1248 1022 constituit.

380 1047 437 1112 fue
467 1046 590 1126 cuique
605 1042 801 1124 procuratio
821 1045 1076 1128 auctoritasque
1094 1043 1144 1108 est
1157 1045 1249 1112 resti.

379 1157 466 1216 tuta.
518 1145 631 1222 Quam
649 1139 838 1206 firetiuere
861 1143 989 1210 volunt
1003 1146 1048 1218 ii,-
1073 1144 1132 1228 qui
1150 1165 1247 1213 recu·

379 1256 558 1338 perarunt:
586 1243 630 1324 ¹in
651 1255 854 1336 perpetuum
876 1257 1050 1330 poterunt·
1069 1246 1246 1316 obtinere.

380 1349 438 1418 Sin
459 1350 517 1413 hac
536 1346 658 1410 caedes
675 1356 711 1408 et
722 1347 864 1430 rupinae,
892 1347 1009 1411 ethos
1027 1356 1145 1412 tantos
1160 1357 1246 1424 tane

379 1471 446 1536 que
472 1447 626 1534 profusos
650 1447 778 1517 sumtus
802 1458 861 1512 eut
876 1445 1019 1522 facient,
1046 1458 1106 1514 eut
1122 1469 1244 1536 appro·

378 1555 523 1628 habunt3
559 1545 644 1614 nol'o
665 1549 700 1612 in
723 1567 786 1612 eoe
809 1550 945 1633 grauius
968 1551 1173 1633 quidquam,
1200 1569 1244 1616 ne

377 1654 502 1724 ominis
519 1650 657 1735 quidem
672 1649 785 1723 causa,
803 1653 840 1725 6)
865 1651 990 1716 dicere.
1040 1648 1156 1716 Vnum
1171 1650 1242 1740 iqoc

377 1757 475 1820 dico:
500 1753 602 1821 nostri
627 1750 680 1818 isti
704 1750 862 1824 nobiles,
887 1751 947 1816 nifi
969 1751 1180 1835 vigilantes,
1207 1766 1242 1820 et

376 1858 476 1930 boni,
509 1866 545 1917 et
566 1851 693 1926 furtes,
727 1865 764 1917 et
793 1850 1026 1918 misericordes
1049 1867 1171 1930 erunt,
1198 1857 1240 1924 ite

375 1957 590 2030 hominibus,
609 1955 656 2016 in
682 1955 802 2037 quibus
823 1954 909 2018 haee
932 1966 1049 2029 erunt,
1070 1957 1106 2033 7)
1143 1977 1241 2022 orna·

314 2054 489 2130 momenta
509 2057 565 2123 sue
591 2055 782 2121 concedent
802 2055 934 2121 necesse
952 2058 1009 2122 est.
1063 2058 1240 2145 Quaprop-

374 2172 428 2227 ter
449 2157 599 2224 desrnent
617 2158 798 2243 aliquando
819 2159 952 2237 dicere,
980 2158 1068 2223 mele
1086 2160 1240 2243 aliquem

469 2280 472 2287 ’
1140 2260 1240 2327 locu·

374 2392 405 2477 ᾗ)
426 2412 582 2463 Decemm
596 2402 634 2460 est
653 2403 809 2458 sententiam
829 2402 859 2456 in
874 2401 965 2458 senatu
980 2400 1145 2468 dicentium,
1162 2399 1239 2482 qued

415 2492 523 2551 dieunt,
559 2488 625 2564 quid
645 2508 661 2541 o
683 2488 774 2541 senatu
800 2485 905 2545 decerni
925 2489 1016 2546 velint.
1062 2488 1125 2545 Nec
1144 2494 1237 2563 miuup

412 2577 503 2630 t'amen
524 2573 558 2628 de
579 2572 710 2627 iudicibus
733 2590 842 2645 quoque
862 2571 967 2629 dicitur.
1015 2572 1126 2629 Praeter
1146 2575 1238 2633 decer·

375 2670 379 2685 ’·
413 2663 469 2719 nit.
491 2680 553 2713 cum
569 2678 601 2712 ea
616 2658 704 2711 edicto
718 2658 760 2710 ius
778 2655 850 2710 dicit.

370 2745 403 2810 ’4)
424 2744 489 2796 Non
504 2740 685 2817 praepostere,
704 2760 732 2794 re
747 2756 825 2793 antee
839 2740 959 2813 cognita,
979 2738 1055 2796 iuste.
1076 2741 1214 2821 Heufing.

370 2834 401 2895 5)
423 2827 475 2879 Cn.
496 2828 606 2901 l'apyrio
629 2841 655 2879 et
678 2825 710 2878 C.
733 2824 821 2878 Mario
837 2824 909 2880 Cois.
930 2826 1014 2878 altero
1028 2829 1057 2879 in
1069 2827 1175 2889 Sicilia,
1198 2830 1236 2885 al.

410 2926 469 2964 tero
488 2908 625 2966 Praeneste
653 2908 814 2972 interfectis,
848 2911 880 2965 L.
901 2907 993 2971 sulla,
1025 2907 1092 2965 urbe
1120 2913 1235 2985 potitur,

410 2991 525 3047 dictator
546 3012 562 3047 a
580 2996 611 3047 L.
629 2995 723 3048 Flacco
748 2996 879 3069 interrege
903 2992 990 3047 cliuus
1012 2991 1058 3056 est,
1100 2996 1233 3051 Proximi·
1283 3052 1285 3080 Ι

352 3092 359 3109 ’
408 3093 499 3132 tamen
511 3076 641 3134 Kalendis
662 3080 806 3141 Ianuariis,
837 3095 866 3133 ut
882 3075 995 3151 speciem
1011 3076 1147 3149 quandam
1166 3084 1234 3135 anti·
1283 3102 1285 3115 ·

407 3180 478 3235 quae
492 3160 626 3235 dignitatis
641 3162 753 3237 reipubl.
770 3164 909 3223 retineret,
930 3158 1060 3214 Consules
1076 3163 1159 3217 creari
1173 3184 1234 3237 per·

406 3243 479 3299 rnifit
499 3244 539 3300 Μ.
570 3246 691 3301 Tullium
714 3262 742 3302 et
767 3248 849 3302 Corn.
875 3242 1064 3305 Dolabellam,
1095 3245 1141 3299 sed
1163 3248 1231 3303 dicit

405 3328 483 3383 cause
496 3346 527 3384 ut
549 3328 604 3406 ipse
618 3332 793 3387 nihilominus
809 3320 880 3387 inlus
894 3329 1037 3401 imperaret
1077 3333 1147 3386 Hac.

365 3408 395 3477 6)
414 3413 534 3469 Tantum
556 3412 642 3476 abest.
662 3432 693 3469 ut
712 3417 744 3469 iis
763 3434 844 3488 graue
865 3409 968 3485 aliquid
984 3412 1127 3483 imprecer»
1148 3428 1181 3468 ut
1196 3432 1233 3469 Μ

406 3499 519 3553 ominari
539 3496 649 3574 quidem
665 3498 735 3555 male
749 3500 781 3552 iic
798 3498 887 3553 velim.
929 3496 1041 3548 Manae.

365 3592 395 3656 ῃ
408 3581 581 3657 ,νὶςὶὴηύῃ
601 3585 699 3645 virtue,
720 3582 863 3642 fortitudo,
885 3576 1074 3633 misericordie.
1095 3577 1231 3655 Heustng.

1098 3670 1128 3726 ε)
1148 3662 1231 3723 Com·
