3009 4200
400 245 405 262 '
458 257 465 266 “
583 239 753 310 editionis
776 243 949 344 primae,

308 397 532 492 idmnbar
552 397 632 484 sane
653 401 784 486 litteras
798 399 847 482 ita
869 398 1041 578 scriptas,
1059 419 1194 498 tneque

309 525 439 582 eontra
462 503 586 606 privile
616 504 635 519 ‘'
672 501 938 607 Orphantltrop
964 525 1009 578 eo
1034 491 1195 588 concelia

310 603 434 691 facete
464 600 590 706 persua
616 625 675 686 ere
699 605 787 692 milti
808 627 886 684 non
940 625 1094 704 ,teratur
1119 626 1196 702 non

311 708 542 790 euenturum
559 729 667 810 opus,
691 704 752 783 sed
759 701 812 784 'ne
826 629 1032 806 egelidam
1039 701 1196 801 :quidem

300 807 438 912 ‚operis
461 804 619 912 partem,
650 833 727 886 non
749 829 848 884 notas
865 831 1009 904 omues,
1034 803 1095 886 sed
1111 829 1196 882 non·

312 909 428 988 nullae
444 927 583 990 tanturn
597 905 856 1012 imprimendas
865 931 990 984 curare
999 903 1198 986 statueram.

312 1009 464 1090 Interim
478 1008 633 1088 coarsului
647 1013 780 1088 anticos
794 1011 950 1110 iurisque
964 1007 1109 1110 peritos,
1134 1009 1198 1108 qui

314 1111 409 1192 mihi
443 1135 570 1196 omnes
594 1109 825 1209 assenserunt,
857 1109 972 1212 quid?
1005 1109 1124 1210 quod,
1156 1130 1198 1186 ut

316 1213 420 1292 inin
490 1235 528 1290 to
559 1236 670 1318 opere
698 1236 910 1318 pergerem,
943 1238 1000 1290 me
1020 1210 1198 1288 adhortati
1236 1269 1239 1274 -

316 1313 411 1416 sunt.
500 1339 603 1397 crum
633 1340 705 1419 ego
726 1317 814 1414 hoc,
846 1313 945 1414 quod
968 1314 1070 1392 multi
1092 1310 1199 1390 suase·

318 1437 426 1515 runt,
456 1417 562 1495 certis
586 1410 633 1494 de
654 1416 764 1498 caufis
789 1442 809 1492 a
830 1441 887 1493 me
911 1412 1101 1518 impetrare
1124 1438 1199 1494 nou

319 1519 445 1622 potui,
478 1541 519 1616 ut
534 1518 702 1600 facerem.
751 1518 974 1598 Praefectum
991 1540 1106 1596 tamen
1122 1515 1201 1592 uffi-

321 1621 421 1702 dnae
443 1619 622 1715 librariae,
645 1645 736 1725 quae
751 1620 862 1696 Halae
887 1618 922 1696 in
950 1619 1202 1720 Orphanotro·

322 1719 569 1823 pileolioret,
584 1725 661 1825 'per
683 1724 814 1798 litteras
837 1720 978 1808 monui,
1001 1719 1201 1804 ut'schedu·

323 1823 414 1921 lam,
439 1843 532 1921 quae
552 1843 683 1904 novam
699 1825 790 1900 hanc
808 1823 997 1905 editionem
1009 1825 1202 1920 nunciaret,

320 1922 446 2009 narsus
463 1922 656 2033 inspiceret,
682 1928 828 2024 eiusque
843 1947 1100 2027 argumentum
1115 1949 1201 2004 cum

325 2026 538 2203 privilegiis,
563 2049 653 2126 quae
673 2023 751 2128 lpfi¹
765 2022 891 2126 elsent,
913 2027 1105 2108 accuratius
1120 2049 1204 2105 con-

343 2151 452 2221 erret.
504 2126 652 2203 Promist
668 2133 772 2204 etiam
782 2128 906 2226 sancte,
929 2155 989 2207 me
1004 2127 1085 2205 Mis.
1102 2128 1202 2205 flam·

327 2230 394 2307 mis
411 2228 529 2331 potius
549 2229 717 2305 daturum
734 2227 813 2325 else,
839 2254 946 2327 quam
963 2229 1057 2307 secus
1076 2229 1201 2305 facien·
1266 2314 1270 2319 ,

328 2328 376 2407 do
392 2330 574 2432 privilegia
590 2329 923 2432 Orphanottopheo
940 2328 1202 2408 clementiffime

328 2429 485 2507 concelia
509 2433 732 2511 violaturum.
769 2481 770 2484 =
796 2434 879 2511 Hoc
913 2458 1028 2509 unum
1053 2436 1204 2531 tautum,

328 2533 426 2630 quod
455 2532 630 2634 postulare
653 2556 835 2636 poteram,
866 2536 1009 2636 rogavi,
1034 2557 1074 2611 ut
1097 2534 1208 2637 privi·
1271 2604 1274 2609 .

327 2634 506 2735 legionum
531 2638 715 2739 exemplar
747 2634 819 2712 fide
841 2636 992 2738 dignum
1013 2632 1059 2717 ad
1082 2636 1207 2739 legen·
1238 2672 1245 2687 ·

300 2776 303 2783 ·
327 2734 418 2813 dum
433 2737 521 2811 mihi
534 2739 699 2834 mitteret,
724 2759 771 2813 ex
788 2762 865 2833 quo
881 2735 953 2837 ipse
968 2758 1047 2816 rem
1061 2760 1207 2819 omnem

329 2835 521 2913 diiudicare
546 2837 692 2939 pollam.
743 2837 814 2913 Sed
837 2836 1013 2938 repulsam
1032 2842 1114 2930 tuli3
1140 2840 1212 2941 pri·

328 2939 456 3040 vilegia
480 2940 567 3014 mihi
592 2940 732 3017 tradere
760 2936 962 3021 dubitatum
986 2940 1070 3041 fuit,
1101 2964 1136 3023 et
1160 2941 1213 3023 ni·

298 3040 403 3114 -hilo
436 3038 545 3117 secius
570 3040 802 3143 postulatum,
845 3063 883 3117 ut
906 3041 1117 3141 editionem,
1156 3038 1212 3118 his

331 3139 494 3217 nundinis
522 3142 765 3244 prodituram,
804 3146 1010 3242 retinerem,
1050 3164 1212 3245 acceptas

332 3265 420 3318 vero
443 3245 611 3344 pecunias
629 3245 670 3323 iis
685 3245 921 3344 remitterem,
946 3266 1102 3347 quorum
1118 3246 1214 3324 auxi·

331 3343 379 3418 lio
396 3345 430 3419 in
447 3366 558 3445 opere
571 3346 716 3424 edendo
731 3346 870 3421 adiutus
886 3345 1006 3425 aliem.
1041 3348 1131 3423 Non
1149 3369 1215 3447 po·

323 3443 398 3522 test
426 3471 498 3520 non
524 3448 635 3524 cuivis
660 3449 744 3524 haec
774 3448 906 3547 legenti
929 3450 1062 3525 mirum
1089 3447 1215 3544 videri,

332 3544 434 3645 quud
463 3545 837 3655 Orphanonopheum
870 3552 1074 3655 privilegia,
1108 3556 1216 3647 ¹'quaa

783 3686 786 3691 ¹
1113 3673 1217 3760 roga·
