3009 4200
614 222 871 328 Praefatio
928 291 932 296 .
984 273 997 336 ·'
1108 293 1119 300 „
1184 335 1188 346 .

303 355 533 600 rossvetim,
583 412 747 494 quaeque
773 397 983 498 bibliopolae
1014 345 1111 478 libris
1141 401 1194 478 iu'.

300 521 350 574 vu
390 523 431 575 us
454 494 598 575 edendis
617 497 796 596 interdum
817 495 925 586 solent
940 502 1164 614 praemitter
1189 557 1194 572 .

244 634 250 642 ·
299 621 444 679 meeum
467 600 729 675 communicare
754 597 980 684 dubitavero.
1042 526 1183 678 Servili

223 712 255 764 -’
297 701 373 781 sem
412 698 594 803 profecto,
632 697 889 799 ·quae''sancte
920 699 1196 802 promiseram:-

296 797 426 904 scripta
449 802 565 877 omnia
590 801 757 877 Vulcano
772 799 992 901 obtulissem,
1024 801 1178 880 fimodo

297 905 442 981 facultas
457 904 543 1002 mihi
557 900 637 980 data
652 897 758 1001 eiset‚'
778 927 824 984 ex
840 904 1035 1007 privilegiis
1051 901 1178 980 diiudi-

297 1003 417 1103 oandi,
449 1027 495 1088 an
517 1001 759 1104 futurumne,
799 1025 841 1082 ut
866 1005 1070 1082 annunciata
1092 1029 1174 1086 mea

296 1106 448 1186 editione
465 1104 539 1209 ipsa
552 1105 739 1185 violentur.
780 1175 783 1180 .
832 1123 835 1128 '
1147 1119 1187 1152 ³

260 1312 262 1319 ’
368 1304 693 1389 Commutricarunt
723 1329 841 1386 tamen
865 1332 1007 1386 mecum
1033 1310 1172 1412 privile·

270 1494 275 1500 ,
319 1414 411 1509 um,
437 1409 536 1514 quoti
551 1410 676 1488 dicunt.
694 1412 877 1511 generale,
902 1437 923 1488 a
942 1412 1127 1489 Friderico
1142 1414 1179 1491 14

290 1435 520 1602 &muliorum
552 1507 639 1617 rege
672 1511 815 1611 datum,
869 1537 945 1610 quo
977 1513 1171 1612 hymnario.

288 1618 442 1713 aliosque
462 1615 570 1691 libros
591 1612 635 1690 ad
652 1614 863 1691 erudiendos
887 1615 1071 1692 hominum
1098 1617 1168 1722 ani·

228 1769 232 1782 ι
288 1739 365 1795 mos
387 1740 408 1791 a
429 1715 603 1792 Franckio
626 1717 661 1793 b.
682 1740 728 1793 tn.
750 1713 967 1816 conscriptos
996 1713 1168 1795 recudere

289 1816 516 1894 interdictum
544 1815 612 1915 est,
658 1838 700 1896 ut
729 1818 787 1893 vel
819 1818 902 1894 inde
924 1817 1166 1920 intelligerem,

287 1918 425 2000 selectas
441 1918 627 1996 Ciceronis
642 1920 815 2012 orationes
829 1943 873 1994 ex
889 1917 1164 1998 reeenfioneEr·

288 2020 374 2096 nesti
388 2020 493 2096 edere
509 2021 596 2096 mihi
610 2018 678 2097 elle
691 2021 930 2121 prohibitum:
955 2019 1054 2119 quod
1072 2044 1160 2096 vero

289 2148 407 2220 neque
425 2147 518 2224 ego,
544 2123 748 2220 neque-alii,
775 2123 902 2222 quibus
918 2120 954 2197 id
971 2123 1163 2225 legendum
1194 2196 1198 2203 .

289 2224 436 2323 dabnm5
475 2226 522 2300 ibi
549 2247 773 2325 repererunt.
829 2226 936 2301 Venit
965 2232 1053 2325 eigo
1077 2225 1163 2301 mihi

287 2327 323 2401 in
340 2350 512 2423 mentem,
538 2326 636 2423 quod
656 2327 819 2402 omnibus
833 2327 955 2421 nequis
970 2348 1092 2401 rerum
1110 2350 1162 2398 ar·

287 2430 387 2506 bitris
410 2430 445 2501 in
464 2448 619 2503 mentem
638 2429 761 2503 venire
787 2425 955 2517 debebat,
978 2424 1161 2525 privilegia

285 2530 344 2608 Or
372 2529 623 2629 hanotrophei‚
661 2552 753 2605 cum·
776 2526 864 2604 mihi
888 2523 1058 2625 flagitanti
1087 2551 1161 2603 non

285 2554 530 2727 tracierentur,
565 2628 711 2705 editioni
735 2653 836 2705 meae
850 2651 921 2704 non
939 2623 1005 2702 elle
1026 2647 1163 2702 contra·

284 2735 353 2827 ηις
378 2732 460 2806 hinc
484 2730 568 2805 nihil
583 2730 776 2830 impedire,
798 2754 871 2827 quo
891 2726 1005 2805 minus
1023 2728 1162 2828 incepta

249 2858 253 2866 ·
286 2831 555 2936 perficerentur.
605 2834 657 2908 lta
674 2831 913 2933 argumentati
932 2826 1009 2905 sunt
1025 2853 1161 2930 omnes,

259 2930 262 2934 ¹
287 2958 376 3032 quos
393 2933 565 3031 consului,
591 2955 626 3010 et
641 2955 681 3010 ut
699 2958 719 3008 a
739 2944 843 3033 capto
858 2928 997 3015 confilin
1012 2956 1085 3007 non
1102 2931 1162 3008 de·

286 3034 459 3133 sisterem,
488 3059 507 3111 a
528 3059 587 3110 me
612 3035 887 3121 contenderunt,
911 3031 1087 3131 liquidem
1109 3035 1162 3111 iu-

284 3137 366 3236 dex,
391 3140 619 3235 quantumvis
634 3132 876 3228 &vetuimus
893 3133 1030 3211 causam
1043 3158 1161 3210 meam

226 3307 228 3311 .
286 3247 356 3327 nn'n
385 3239 651 3337 improbaturus
682 3237 735 3316 stt.
765 3306 769 3313 .
803 3233 1020 3314 Adiecerunt
1044 3239 1160 3332 etiam,

259 3394 267 3415 ..
283 3362 321 3415 nt
338 3338 497 3419 animum
514 3339 602 3414 mihi
617 3338 813 3440 angerent,
837 3333 1042 3437 scriptores,
1068 3361 1159 3434 quos

283 3443 421 3534 dicunt,
445 3438 614 3538 clnfficos,
639 3442 675 3514 in
697 3438 1033 3540 Orphanotropheo
1058 3460 1164 3513 excu-

285 3542 359 3644 sos,
393 3543 671 3660 annotationibus
701 3541 894 3648 neglectis,
927 3536 1074 3645 recusos.
1093 3537 1163 3715 elile

1084 3665 1177 3744 pu«
