3009 4200
604 255 611 270 ’“
638 247 934 366 Praefatio}

315 499 317 504 ,
375 413 541 512 *Reme
579 436 622 493 ut
651 417 700 494 de
727 413 1025 514 buius'editionis
1045 411 1207 498 constitu·

329 515 432 595 tione·
447 520 578 617 aliquid
593 519 709 596 dicam
717 519 863 618 ‚iisque
880 519 1105 619 nominibus,
1132 525 1207 622 qui,

329 618 357 695 st
388 620 492 696 ultro.
515 622 676 721 citroque
701 621 839 698 Ernesti
874 627 1019 700 nomen
1036 621 1151 724 'legati
1177 631 1237 721 t,‚'

272 721 280 738 ‘
329 721 424 799 forte
444 719 687 825 suspicentur,·
723 748 784 806 me,
805 745 926 801 contra
948 723 1066 800 datam
1093 647 1204 802 fitism

329 824 461 902 librum
483 824 578 924 bunc
603 851 648 902 ex
662 826 736 910 eius
760 851 870 930 opere
893 821 1138 930 cotnpilaise‚'¹¹
1151 852 1204 902 re-

328 923 530 1026 spondeam.
587 926 681 1006 Usus
700 923 778 1024 sum
799 925 1089 1016 insedendo'boc
1112 927 1215 1010 libro¹

329 1027 540 1106 editionibus
589 1029 836 1130 compluribus
885 1030 997 1126 iisque
1048 1030 1204 1131 optimis,

329 1153 494 1228 quaeque
515 1127 560 1205 ad
575 1130 735 1208 Tullium
757 1126 1025 1230 inteiligendum
1054 1133 1149 1208 utilio
1164 1152 1202 1210 et

326 1230 510 1307 necessaria
536 1231 678 1331 putavi,
699 1254 744 1310 ex
767 1232 1005 1329 Hotomanni,
1030 1234 1204 1334 Abramii,

326 1333 474 1430 Mureti,
498 1331 672 1433 Manutii,
694 1333 861 1432 Graevii,
882 1335 1099 1434 Heumanni,
1123 1335 1204 1412 Cel·

326 1432 420 1530 latii,
441 1434 659 1533 aliorumque
672 1437 763 1514 notu
778 1429 1008 1536 transscripfi,·
1026 1438 1073 1512 ita
1088 1458 1128 1512 ut
1142 1435 1203 1512 de·

326 1535 437 1612 lectus
466 1534 520 1610 ilie
548 1533 687 1636 semper
716 1536 909 1616 consuleret
939 1533 1059 1614 usibus
1083 1538 1204 1640 legen·

327 1638 426 1712 tium.
485 1636 553 1714 His
575 1634 747 1718 accedunt
771 1663 1047 1738 nonnumquam
1060 1659 1096 1728 et
1111 1663 1204 1738 mea,

324 1737 403 1813 licet
425 1759 567 1837 pauca·
606 1737 745 1841 Ernesti
767 1765 901 1818 nomen
923 1737 1104 1842 adscripsi,
1137 1741 1201 1817 nbi

245 1915 249 1942 Ι
325 1836 494 1920 consentit
523 1862 607 1922 cum
634 1841 715 1926 aliis.
780 1841 936 1924 Eosdem
968 1841 1206 1934 enim'fontee

307 1995 309 2000 ,
326 1939 411 2038 adii,
436 1941 533 2017 unde
550 1943 598 2020 V.
614 1941 660 2018 V.
673 1941 804 2042 hausit,
828 1969 902 2044 quo
917 1941 1050 2020 factum
1065 1941 1133 2041 est,
1157 1966 1200 2020 ut

323 2043 433 2119 verbo
459 2045 578 2122 verbis
606 2043 787 2123 interdum
815 2042 1058 2145 respondeant.
1119 2043 1199 2123 Cla·

323 2157 407 2220 vem
430 2143 699 2225 Ciceronianam
719 2148 757 2223 in
774 2148 869 2227 -locis
887 2146 1088 2246 nonnuliis,
1112 2172 1201 2247 quo·

324 2272 406 2322 rum
425 2244 471 2323 ibi
488 2251 622 2327 mentio
639 2249 726 2325 facta
743 2246 811 2348 est,
834 2252 1035 2346 citavimus,
1059 2270 1110 2343 ut,
1135 2249 1200 2344 qui

311 2370 472 2426 ¹aureum
491 2351 587 2425 bunc
609 2351 739 2426 librum
760 2349 949 2449 possident,
974 2371 1128 2444 eumque
1144 2349 1199 2421 in·

322 2449 456 2552 spicere
478 2454 643 2552 cupiunt,
676 2450 788 2525 statim
803 2449 930 2549 sciant,
960 2472 1006 2525 en
1023 2468 1058 2524 et
1079 2446 1140 2521 ubi
1155 2444 1197 2524 fit

323 2551 572 2652 quaerendum.
629 2552 822 2629 Monemus
845 2551 914 2625 hoc
936 2572 1061 2625 eorum
1086 2546 1198 2648 causa,

323 2654 539 2751 quibuscum
563 2654 666 2727 nobis
686 2673 743 2728 ree
768 2650 834 2727 fuit
856 2650 901 2729 de
917 2650 983 2727 hac
998 2648 1114 2729 nostra
1127 2649 1201 2725 edi·

323 2759 435 2849 tione,
468 2781 514 2831 ne
536 2752 628 2829 forte
655 2778 777 2830 errore
800 2751 942 2853 decepti
986 2770 1103 2849 utent,
1127 2770 1199 2851 me,

323 2880 415 2954 quae
432 2854 496 2931 srnt
511 2854 655 2953 Ernesti,
681 2848 903 2956 descripsisse.
954 2778 1104 2955 bingulie
1122 2879 1198 2929 ora·

323 2958 478 3054 tionibus
499 2954 680 3059 praemisit
704 2951 756 3033 est
769 2953 888 3033 brevis
911 2958 1061 3039 narratio
1074 2980 1197 3031 earum

323 3082 465 3155 retum,
489 3082 578 3155 quae
595 3057 641 3132 ad
661 3058 1010 3160 bencinteiligendas
1024 3058 1198 3139 orationes

322 3163 474 3239 multum
496 3164 631 3247 vatent3
654 3182 835 3260 praeterea
848 3162 1003 3261 epitome
1017 3158 1201 3257 succincta,

321 3286 368 3341 ex
391 3284 462 3356 qua
483 3281 577 3343 totus
601 3264 800 3339 orationum
823 3260 918 3338 ordo
937 3274 1132 3363 earumque
1147 3285 1200 3335 at·

351 3384 535 3437 umentum
565 3389 638 3438 nno
674 3359 772 3460 quast
802 3364 942 3441 obtuitu
978 3360 1202 3465 perspicitur·

307 3384 485 3537 -q‘extum
516 3466 642 3565 repetii
665 3465 710 3541 ab
734 3461 889 3542 editione
914 3465 1132 3548 Graeviana,
1166 3480 1203 3537 et

286 3632 288 3643 .
325 3569 438 3647 varias
456 3565 641 3668 lectiones,
658 3590 813 3665 quarum
828 3564 884 3644 est.
896 3562 1032 3643 summa
1048 3565 1148 3741 eoppa
1168 3566 1204 3637 in

412 3708 414 3713 ·
535 3698 539 3713 ι
1104 3687 1224 3740 tae-t
