3009 4200
454 247 503 362 ‘⁸
587 257 931 352 oditiomprt'mae.
1021 319 1026 328 .

313 349 492 518 Gtoevio,
509 395 664 500 nbiu‘tile
677 417 791 510 visum
806 417 867 518 est,
888 417 1061 506 annotavi
1085 413 1197 516 ,Qut

314 517 539 604 enimsalste
561 521 795 620 videbantur,
826 543 945 620 neque
960 517 1195 608 commodum

314 621 496 708 nabebo
511 619 658 721 sensum,
681 645 739 700 ets
757 620 894 699 sllentio
911 621 1195 724 praeterivimus.

315 725 405 804 Hns'
424 725 589 828 ignorare
602 721 704 802 sotios
720 745 897 826 putamus.
950 722 1054 798 Ordo
1070 723 1196 802 oratio·

315 849 416 920 pum,
438 823 484 918 ed
506 826 677 928 temporis
692 825 844 902 rationes
857 823 987 918 factus,
1010 821 1197 924 simulque,
1229 843 1234 860 ⁴

314 953 394 1030 quo
426 929 549 1010 ,nentis
577 935 676 1004 oono'
696 925 826 1004 Cicero
847 949 905 1004 ets
922 925 1111 1025 habuerit,
1155 929 1196 1014 in

314 1031 511 1134 prooemiis
534 1026 748 1120 dictumest
801 1027 1010 1109 ontionem
1031 1030 1207 1125 qnninnis¹

304 1129 502 1232 excipiunt
531 1125 735 1230 sententiae,
753 1199 757 1206 .
773 1153 866 1228 quae
886 1129 979 1206 inter
993 1127 1211 1230 *legendum

313 1243 440 1310 notatu
451 1229 580 1334 dignae
594 1234 696 1310 nobis
707 1225 937 1324 videbantur3
955 1231 1196 1307 alteramvero

315 1333 424 1410 huiu's
456 1333 536 1410 libri
610 1355 702 1410 rtem
732 1358 752 1408 n
806 1333 942 1410 ebiinus
965 1331 1128 1433 catalogo
1149 1331 1195 1407 ie-

317 1437 478 1527 otionum
500 1456 536 1512 et
593 1437 700 1511 naevii
721 1454 757 1509 et
804 1432 923 1532 mesti,
945 1457 1033 1534 quas
1053 1458 1126 1533 quo
1146 1432 1194 1510 fa·

317 1535 416 1612 cilius
431 1536 591 1613 conferre
607 1533 731 1638 poffis,
756 1531 845 1610 foliis
863 1536 899 1609 in
914 1531 1000 1612 duas
1014 1536 1193 1610 columnas

291 1703 295 1712 .
318 1631 455 1736 divisit,
487 1637 631 1715 alteram
645 1663 666 1714 e
682 1637 829 1742 regione
848 1638 988 1717 alterius
1002 1660 1139 1741 ponere
1153 1637 1193 1716 in

277 1782 280 1788 ·
316 1740 437 1844 animo
453 1736 512 1818 est.
1069 1767 1071 1778 ·

388 1931 600 2017 Fautoribus
620 1959 728 2038 atque
753 1935 892 2038 amicis,
917 1957 1072 2038 quorum
1087 1933 1194 2028 bene·

295 2130 299 2136 ⁸
317 2037 468 2117 volentia
487 2061 593 2139 atque
617 2065 726 2142 opero
747 2040 787 2118 in
808 2039 955 2119 edendis
977 2041 1031 2119 nis
1062 2041 1194 2117 oratio·

319 2142 423 2219 nibus
443 2141 580 2217 adiutus
602 2139 702 2239 sum,
734 2146 864 2244 gratias
884 2165 972 2244 ogo,
1005 2164 1092 2240 quas
1113 2138 1190 2242 pos·

318 2242 413 2342 sum,
446 2241 624 2319 maximas.
676 2246 791 2345 Spero
818 2263 935 2319 autent
957 2262 1063 2341 atque
1084 2241 1193 2316 conii·

290 2343 383 2442 ·do‚
428 2366 491 2424 me
520 2340 783 2447 exspectationi
798 2340 954 2449 ipsorum
979 2340 1192 2437 satisfecisse3

365 2440 495 2527 omissis
504 2447 632 2545 enim,
665 2454 838 2546 quanttnn
853 2445 930 2525 fieri
950 2446 1083 2549 potuit,
1105 2440 1193 2521 steti.

351 2544 445 2625 ditus
479 2546 533 2624 est
561 2547 706 2647 quidem
729 2550 819 2628 liber
841 2550 901 2626 hic
922 2571 968 2627 ex
993 2542 1194 2624 recensione

282 2692 284 2697 ·
316 2646 485 2749 Graevii,
515 2672 599 2725 cum
620 2672 735 2730 tomen
752 2669 891 2727 textum
905 2650 950 2727 ab
965 2648 1114 2731 editione
1125 2646 1192 2727 Er·

302 2746 403 2827 nesti
417 2774 476 2827 me
484 2750 722 2851 vrepetiturum
737 2749 806 2829 effe
819 2751 991 2856 pollicitus
1007 2749 1080 2827 fim-
1105 2748 1193 2827 Pro·

315 2848 457 2928 missum
479 2876 585 2951 vero,
616 2853 714 2949 quod
741 2876 813 2929 non
836 2852 949 2933 modo
971 2851 1041 2927 fine
1055 2851 1194 2949 iniuria,

315 2948 440 3029 sedne
458 2952 604 3053 quidem
626 2953 698 3030 stne
718 2954 861 3035 iniuriae
876 2953 1064 3054 suspicione
1078 2950 1191 3027 serva·

317 3055 429 3152 vene,
454 3078 530 3130 non
542 3053 750 3131 faciendum.
789 3052 873 3131 Feci
886 3057 1004 3156 potius
1019 3054 1066 3153 id,
1092 3048 1191 3150 quod

316 3176 388 3229 non
410 3154 572 3255 promisi,
609 3152 780 3254 quodque
801 3155 890 3234 salva
914 3152 1089 3233 honestate
1115 3150 1192 3229 fieri

366 3256 442 3336 tuit.
483 3258 798 3356 varias-lectiones,
823 3280 910 3358 quas
929 3259 1093 3333 omittere
1108 3275 1193 3331 con·

347 3355 513 3456 'tueram,
553 3383 715 3457 quaeque
746 3384 819 3435 non
850 3357 929 3435 sunt
951 3361 987 3433 in
1006 3354 1195 3458 protniffis,

314 3458 351 3531 in
368 3458 450 3534 locis
465 3455 714 3535 difficilioribus
731 3461 1019 3557 commemoravi,
1042 3462 1132 3533 utin
1149 3457 1192 3533 iis

313 3556 541 3639 diudicnndis
560 3557 730 3641 discente-s
750 3559 920 3639 iudicium
935 3553 1196 3732 exercecespos·

1060 3724 1063 3731 .
1115 3681 1188 3738 ent·
