3009 4200
365 152 407 240 ‚o
689 160 912 220 unna..

362 315 483 402 Rosci,
518 343 563 390 ne
584 323 632 390 ita
655 322 748 390 hunc
771 321 894 388 videar
915 321 1065 392 voluiffe
1088 317 1240 410 seruire,

361 438 406 496 vt
421 428 485 516 fibi
508 429 650 492 omnino
677 445 747 494 nou
770 425 1011 509 perpercerint.
1063 425 1149 494 Cum
1165 430 1243 497 hoo

340 521 512 602 '‘ver-eon,
551 539 587 593 et
604 530 705 616 cupio
722 525 785 589 tibi
801 525 913 610 aliqua
928 547 972 592 cx
993 538 1109 614 parte,
1138 533 1240 615 qood

360 631 453 702 salua
466 629 534 696 fide
550 627 688 716 poliim,
707 629 743 708 2)
770 645 926 711 parcere,
954 631 1066 695 rursus
1082 633 1239 698 immuto

358 725 578 798 voluntatem
597 749 720 796 meam·
754 725 860 796 Venit
874 731 964 794 enim
984 733 1069 797 mihi
1079 734 1125 797 'in
1141 753 1239 800 men-

358 842 431 900 tem
447 835 517 898 oris
536 833 598 900 tuit
622 834 658 909 3)
709 828 825 903 Tene,
851 849 931 896 cum
954 834 1062 897 ceteri
1078 834 1164 900 socii
1181 837 1238 902 tui
1272 841 1275 846 '

355 933 535 1019 sugerent,
564 955 602 998 ac
617 933 650 1001 [ο
669 929 896 1008 occultarent,
923 942 967 998 vt
980 934 1048 998 hoo
1065 933 1238 1004 iudicium

355 1038 493 1114 nonde
514 1033 655 1100 illorum
680 1033 821 1118 praeda,
855 1033 913 1100 sed
939 1033 983 1098 de
1006 1036 1108 1100 huius
1126 1037 1235 1102 male.

353 1137 435 1204 ficio
452 1141 489 1218 4)
516 1135 591 1201 fieri
613 1135 811 1211 videretur,
828 1134 1047 1220 'potiflimom
1070 1138 1131 1202 tibi
1156 1158 1234 1223 par.
1253 1175 1258 1184 ·

353 1249 409 1307 tes
425 1239 500 1306 istas
513 1235 760 1324 depoposciss'e‚
787 1247 829 1302 vt
844 1239 878 1300 in
893 1238 1023 1304 iudicio
1038 1240 1232 1320 versarere,

354 1349 390 1406 et
418 1341 554 1407 sederes
588 1359 666 1406 cunt
690 1339 908 1404 accusatore?
928 1353 933 1362 ·
950 1340 1027 1419 Qua
1053 1341 1088 1404 in
1125 1361 1164 1430 re
1191 1343 1232 1424 5)

349 1441 435 1510 nihil
450 1440 541 1506 aliud
558 1439 750 1526 affcqueris,
779 1431 937 1508 nifiv'tab
955 1442 1116 1506 omnibus
1135 1463 1228 1508 rnor-

350 1541 476 1622 trtlibus
493 1543 630 1608 audacia
640 1543 936 1629 tuaxcogooscatur
951 1553 987 1607 et
999 1543 1226 1628 impudentia.

308 1641 473 1712 9⁶occis0
508 1643 588 1709 Sex.
614 1641 762 1718 Roscia,
803 1646 861 1728 qui
892 1645 1022 1728 primus
1047 1645 1226 1712 Ameriam

347 1745 507 1811 nuntiat?
551 1745 687 1814 Mallius
717 1746 877 1818 Glaucia,
907 1765 1010 1829 quem
1036 1743 1225 1814 {amantea

346 1849 534 1922 nominaui,
554 1849 589 1924 6)
618 1859 699 1914 tuus
718 1849 826 1914 eliens
850 1858 885 1910 et
899 1847 1084 1914 familiaris.
1127 1847 1222 1928 Quiri

346 1952 485 2014 attinuit
504 1955 538 2031 7)
576 1969 653 2014 eum
680 1949 886 2036 potissimum
904 1951 1085 2015 nuntiare?
1109 1954 1219 2035 quod,

343 2047 521 2117 ftnullom
541 2051 606 2119 iam
626 2065 704 2117 ante
722 2051 901 2119 consilium
917 2053 960 2115 de
978 2063 1091 2118 morte
1114 2073 1151 2118 ac
1174 2053 1220 2119 dc

343 2154 443 2223 bonis
473 2158 547 2221 eius
584 2158 728 2231 inieras,
777 2155 977 2237 nullamque
1002 2156 1218 2231 societatem,

1103 2276 1220 2338 neque

339 2446 369 2506 a)
392 2439 480 2496 Modo
506 2463 542 2497 no
562 2444 622 2498 Sex.
647 2442 738 2499 Roscii
764 2434 858 2499 causac
880 2453 907 2491 at
923 2432 1016 2491 officio
1034 2456 1098 2492 mco
1119 2430 1222 2494 defini..

379 2528 467 2585 Idem.
768 2561 771 2567 -

339 2612 369 2675 3)
390 2611 493 2687 Suppla
510 2622 655 2688 cogitatio.
700 2614 738 2665 Os
754 2604 791 2661 est
806 2602 984 2681 impudentia.
1010 2604 1077 2679 Cap.
1097 2617 1144 2670 31.

330 2701 367 2765 4)
389 2695 433 2751 De
446 2697 505 2751 Sex.
522 2697 612 2752 Roscii
627 2690 781 2769 parricidio.
824 2694 893 2744 Hoc.
927 2690 1085 2761 Tene-pot.
1107 2708 1125 2744 c.
1140 2713 1171 2765 p.
1190 2701 1211 2750 i.

378 2782 569 2863 depoposct'ffia
580 2770 619 2833 'h.
636 2798 659 2832 e.
682 2775 775 2833 fierine
796 2776 906 2851 potuit,
935 2788 964 2829 vt
977 2774 1027 2829 ribi
1042 2772 1212 2851 potiffimun

374 2864 538 2940 partesistac
563 2860 728 2939 deposceres·

334 2954 364 3011 5)
386 2951 488 3007 Ernesti
504 2964 595 3023 optat:
619 2965 676 3021 qua
695 2959 727 2998 tu
741 2965 781 3008 re,
800 2938 821 2999 st
839 2940 923 2999 modo
941 2934 1002 3001 libri
1018 2945 1186 3001 adiuuamr.

333 3034 363 3098 6)
387 3035 455 3110 Cap.
467 3055 493 3106 7.
512 3042 560 3106 qut·
573 3040 690 3105 primus,
710 3028 740 3087 id
757 3028 803 3093 cst.
821 3039 884 3105 quit
896 3039 1012 3104 primus.
1028 3031 1063 3084 V.
1091 3031 1207 3101 Turseli.

334 3124 367 3191 7)
386 3114 463 3188 Quid
478 3116 602 3176 attinuit,
623 3112 690 3189 quid
705 3133 776 3193 opua
791 3113 857 3177 fuit,
881 3114 1023 3173 Glauciam
1038 3111 1207 3188 pociffimum

373 3194 401 3258 iri
417 3202 554 3261 nuntiare,
576 3196 652 3273 quod
676 3197 710 3253 ad
723 3215 751 3257 te
765 3201 876 3255 minima
892 3201 1014 3253 omnium
1030 3194 1206 3271 pertinebat?

371 3288 409 3345 u
425 3294 573 3346 nuntiare,
595 3284 676 3363 quod
691 3301 742 3341 etc.
763 3303 863 3359 nempe
877 3281 995 3337 occisum
1008 3278 1060 3336 asse
1077 3280 1137 3334 Sex.
1148 3282 1206 3334 Ro·

371 3370 463 3427 scium.
493 3372 592 3429 Lamb.
620 3370 738 3429 Wartun
761 3365 1071 3425 monocentaurum
1087 3364 1204 3419 derBo

367 3454 415 3513 the
430 3453 511 3529 leym?

1114 3571 1143 3630 8)
1170 3564 1203 3618 ld
