3009 4200
647 255 907 355 praefatio
975 341 979 362 Ι
1026 271 1066 280 '

340 413 420 494 llius
439 439 496 494 eas
513 414 580 494 stbi
601 435 807 521 computare
828 447 902 500 non
928 424 1068 524 poffint.
1119 426 1220 505 Com

308 582 310 586 ,
340 539 435 622 ergo
457 543 582 595 eorum
606 545 679 599 non
703 545 838 623 pervus
862 521 904 602 stt
929 550 1119 626 numerus,
1155 532 1220 630 qui

285 701 288 708 ,
339 619 647 724 praestantioribus
669 621 851 701 Ciceronis
871 626 1221 720 editionibueetcu·

339 747 420 799 rere
442 745 633 825 coguntur,
655 744 690 830 et
705 723 750 800 ob
764 725 805 801 iis
821 727 978 829 legendis
991 731 1218 833 retineantur,

244 881 246 886 -
340 829 441 924 novo¹
459 825 660 902 orationum
680 824 788 902 editio
806 821 848 902 in
863 826 966 905 usum
982 829 1150 908 studiosae
1166 836 1217 910 iu-

339 927 494 1003 ventutis
516 950 586 1000 non
606 923 865 1027 supervacaneo
887 931 974 1006 mihi
991 931 1062 1016 visa
1081 931 1156 1025 est,
1179 955 1216 1010 et

340 1050 515 1127 quantum
529 1027 700 1128 temporis
714 1053 734 1102 a
748 1031 905 1107 muneris
925 1033 1079 1109 mandati
1093 1034 1216 1111 lobori-

331 1131 408 1216 .bus
428 1125 705 1225 concedebatur,
728 1151 866 1208 tantum
882 1132 919 1207 in
936 1133 1118 1213 Ciceronis
1136 1162 1215 1214 ore

253 1317 255 1322 ,
338 1227 730 1316 tionibus'recensendie
745 1255 910 1337 noveque
925 1259 1049 1315 earum
1063 1232 1215 1321 editione

335 1332 491 1417 curanda
510 1328 690 1424 cousumfi.
1030 1371 1034 1384 ·
1176 1361 1180 1370 “

269 1563 271 1568 ·
413 1523 523 1635 Quae
543 1542 587 1620 ¹ut
607 1526 721 1630 magis
742 1523 896 1606 absoluto
911 1551 951 1604 ec
966 1522 1078 1633 priori
1093 1549 1212 1610 emen·

336 1624 452 1710 detior
469 1629 654 1729 evaderet,
687 1654 743 1729 ea,
783 1655 875 1727 quae
896 1632 942 1707 ab
971 1633 1046 1718 aliis,
1066 1631 1211 1734 sparlim

336 1735 509 1850 explicata
532 1730 639 1834 iiiut,
677 1731 863 1834 perlegere
890 1754 997 1832 atque
1019 1734 1209 1838 diligenter

335 1836 537 1913 examinare
558 1857 679 1912 meum
700 1830 768 1909 elle
791 1832 897 1932 duxi,
929 1856 969 1911 ut
993 1833 1074 1910 inde
1094 1861 1134 1914 ee
1150 1836 1209 1914 de·

332 1959 558 2045 promerem,
583 1958 674 2032 quae
689 1958 723 2011 et
745 1932 791 2011 etl
805 1956 942 2017 textum
955 1937 1208 2038 corrigendum

330 2062 488 2138 eumque
503 2034 740 2114 illustrandum
756 2039 925 2118 valerent.
965 2037 1058 2143 Qto
1071 2038 1207 2123 facturn

332 2142 400 2238 est,
423 2163 462 2217 ut
477 2142 567 2219 liber
580 2140 637 2215 hic
650 2162 766 2237 neque
779 2162 825 2216 ex
836 2137 1039 2220 ‘recensione
1048 2141 1207 2245 Graevii,

321 2250 449 2342 ¹neque
471 2239 608 2319 Ernesti
632 2236 748 2317 edituo¹
767 2237 827 2339 stt,
847 2240 909 2320 sed
929 2256 976 2319 cx
993 2266 1074 2318 meo
1088 2246 1207 2343 potius

331 2347 462 2423 iudicio
475 2346 545 2448 egi.
589 2341 824 2446 Quemquam
837 2344 929 2421 enirn
946 2344 981 2415 in
996 2362 1099 2419 textu
1113 2344 1206 2419 bene

243 2519 248 2534 ‚
317 2445 573 2525 'constituendo
602 2445 712 2521 multo
738 2446 978 2522 recentiorum
1001 2443 1205 2521 criticorum

323 2549 531 2650 'diligentiae
548 2546 708 2646 debeam,
731 2563 850 2624 tamen
865 2564 938 2627 non
949 2534 1083 2623 temere
1100 2542 1204 2620 ellen-

328 2648 410 2733 ¹sum
431 2649 513 2751 ipsu
533 2646 658 2747 tribui,
692 2637 752 2738 sed
772 2646 911 2724 delectu
930 2664 966 2723 et
987 2645 1206 2721 coniectura-

330 2776 414 2833 rum
429 2772 465 2828 et
480 2751 739 2829 correctionum
764 2748 883 2824 habito
903 2760 1021 2822 textus
1038 2746 1205 2848 vulgatus

329 2877 350 2935 a
370 2877 429 2930 me
448 2853 569 2931 multis
592 2853 676 2929 locis
690 2847 909 2929 emendatior
923 2843 974 2927 est
986 2844 1113 2933 fuctus.

405 3056 600 3237 Comlofius
614 3056 807 3138 lectionum
821 3068 857 3134 et
875 3051 1024 3133 Graevii
1045 3074 1081 3132 et
1095 3046 1204 3132 Erne-

328 3158 381 3264 sti,
405 3165 515 3263 quiin
557 3187 601 3241 ne
621 3162 763 3239 alteriue
777 3160 882 3235 huius
896 3158 976 3237 libri
988 3158 1204 3259 portieprio·

272 3256 277 3277 “
328 3269 377 3344 tis
403 3264 564 3343 editionis
598 3260 822 3364 consrgmtus
852 3280 946 3359 erat,
981 3278 1065 3336 curn·
1086 3259 1204 3360 legen·

327 3370 416 3447 tium
436 3365 555 3445 usibus
604 3388 706 3443 eruut
731 3358 943 3461 consuleret,
983 3352 1126 3441 omillus
1145 3355 1204 3436 ell.

326 3468 408 3548 Pari
431 3467 542 3548 modo
556 3469 562 3490 '
577 3457 768 3564 ementire,
793 3484 886 3562 quoe
910 3462 1115 3541 orationem
1139 3459 1203 3539 iln-

324 3573 449 3676 gulam
479 3566 720 3671 excipiebant,
758 3561 841 3645 suut
870 3562 1025 3659 deletae,
1058 3556 1204 3741 cohorrui:¹
